<?xml version="1.0" encoding="UTF-8"?><collection xmlns="http://www.loc.gov/MARC21/slim"><record><leader>00435nam--2200145-i-4500</leader><controlfield tag="001">000006150</controlfield><controlfield tag="002">20161230</controlfield><controlfield tag="005">20170210021714</controlfield><controlfield tag="008">060222s1000------------r-----000-0-eng-d</controlfield><datafield ind1=" " ind2=" " tag="100"><subfield code="a">Bondi, H</subfield></datafield><datafield ind1=" " ind2=" " tag="245"><subfield code="a">Rival theories of cosmology. A symposium and discussion of modern theories of the structure of universe</subfield></datafield><datafield ind1=" " ind2=" " tag="260"><subfield code="a">London</subfield><subfield code="b">Oxford University Press</subfield><subfield code="c">1960</subfield></datafield><datafield ind1=" " ind2=" " tag="300"><subfield code="a">64 p</subfield></datafield><datafield ind1=" " ind2=" " tag="852"><subfield code="a">523.1:061.3</subfield></datafield><datafield ind1=" " ind2=" " tag="CAT"><subfield code="a">SYS</subfield><subfield code="c">20170210</subfield><subfield code="h">021714</subfield></datafield></record></collection>